<?xml version="1.0" encoding="UTF-8"?><record xmlns="http://www.loc.gov/MARC21/slim" xmlns:cinclude="http://apache.org/cocoon/include/1.0" xmlns:zs="http://www.loc.gov/zing/srw/">
  <leader>00900cz  a2200217n  4500</leader>
  <controlfield tag="001">no 98095535 </controlfield>
  <controlfield tag="003">DLC</controlfield>
  <controlfield tag="005">20130312100224.0</controlfield>
  <controlfield tag="008">980708n| azannaab           |a aaa     c</controlfield>
  <datafield tag="010" ind1=" " ind2=" ">
    <subfield code="a">no 98095535 </subfield>
  </datafield>
  <datafield tag="035" ind1=" " ind2=" ">
    <subfield code="a">(OCoLC)oca04766465</subfield>
  </datafield>
  <datafield tag="040" ind1=" " ind2=" ">
    <subfield code="a">InU</subfield>
    <subfield code="b">eng</subfield>
    <subfield code="e">rda</subfield>
    <subfield code="c">InU</subfield>
    <subfield code="d">DLC</subfield>
  </datafield>
  <datafield tag="046" ind1=" " ind2=" ">
    <subfield code="f">[1817,1818]</subfield>
    <subfield code="2">edtf</subfield>
  </datafield>
  <datafield tag="100" ind1="1" ind2=" ">
    <subfield code="a">Sweet, James Bradby,</subfield>
    <subfield code="d">1817 or 1818-</subfield>
  </datafield>
  <datafield tag="400" ind1="1" ind2=" ">
    <subfield code="a">Sweet, J. B.</subfield>
    <subfield code="q">(James Bradby),</subfield>
    <subfield code="d">1817 or 1818-</subfield>
  </datafield>
  <datafield tag="400" ind1="1" ind2=" ">
    <subfield code="w">nnea</subfield>
    <subfield code="a">Sweet, James Bradby,</subfield>
    <subfield code="d">b. 1817 or 18</subfield>
  </datafield>
  <datafield tag="670" ind1=" " ind2=" ">
    <subfield code="a">Lay co-operation, 1866:</subfield>
    <subfield code="b">t.p. (James Bradby Sweet)</subfield>
  </datafield>
  <datafield tag="670" ind1=" " ind2=" ">
    <subfield code="a">Why believe in Jesus Christ? 1877:</subfield>
    <subfield code="b">t.p. (J.B. Sweet, M.A., Rector of Barton-in-Fabis, Notts, and rural dean)</subfield>
  </datafield>
  <datafield tag="670" ind1=" " ind2=" ">
    <subfield code="a">Alum. Oxon. 1715-1886</subfield>
    <subfield code="b">(Sweet, James Bradby; matric. Balliol Coll. 2 July 1835, aged 17; B.A. 1839, M.A. 1842)</subfield>
  </datafield>
  <datafield tag="670" ind1=" " ind2=" ">
    <subfield code="a">LC database, 7 July 1998</subfield>
    <subfield code="b">(hdg.: Sweet, James B.; usage: James Bradby Sweet)</subfield>
  </datafield>
  <datafield tag="675" ind1=" " ind2=" ">
    <subfield code="a">DNB;</subfield>
    <subfield code="a">Boase.</subfield>
  </datafield>
</record>